<record><leader>00000cas a2200000 a 4500</leader><controlfield tag="001">2266146</controlfield><controlfield tag="008">760620d18441855pauwr ne      0   a0eng d</controlfield><controlfield tag="009">54</controlfield><datafield ind1=" " ind2=" " tag="010"><subfield code="a">sn 78000524 </subfield></datafield><datafield ind1=" " ind2=" " tag="040"><subfield code="a">PIT</subfield><subfield code="b">eng</subfield><subfield code="c">PIT</subfield><subfield code="d">HUL</subfield><subfield code="d">NSD</subfield><subfield code="d">NPH</subfield><subfield code="d">NSD</subfield><subfield code="d">OCL</subfield><subfield code="d">OCLCQ</subfield></datafield><datafield ind1=" " ind2=" " tag="012"><subfield code="k">1</subfield><subfield code="l">y</subfield><subfield code="m">1</subfield></datafield><datafield ind1="1" ind2=" " tag="022"><subfield code="a">0032-0323</subfield><subfield code="l">0032-0323</subfield><subfield code="y">032-0323</subfield><subfield code="2">1</subfield></datafield><datafield ind1="1" ind2=" " tag="029"><subfield code="a">AU@</subfield><subfield code="b">000020374761</subfield></datafield><datafield ind1=" " ind2=" " tag="032"><subfield code="a">434240</subfield><subfield code="b">USPS</subfield></datafield><datafield ind1=" " ind2=" " tag="042"><subfield code="a">nsdp</subfield></datafield><datafield ind1="0" ind2=" " tag="130"><subfield code="a">Pittsburgh Catholic (Pittsburgh, Pa. : 1844)</subfield></datafield><datafield ind1=" " ind2="0" tag="222"><subfield code="a">Pittsburgh Catholic</subfield></datafield><datafield ind1="0" ind2="0" tag="245"><subfield code="a">Pittsburgh Catholic.</subfield></datafield><datafield ind1="0" ind2="0" tag="246"><subfield code="a">Catholic</subfield></datafield><datafield ind1=" " ind2=" " tag="260"><subfield code="a">Pittsburgh [Pa.] :</subfield><subfield code="b">P.F. Boylan,</subfield><subfield code="c">1844-1855.</subfield></datafield><datafield ind1=" " ind2=" " tag="300"><subfield code="a">11 v. :</subfield><subfield code="b">ill. ;</subfield><subfield code="c">48 cm.</subfield></datafield><datafield ind1=" " ind2=" " tag="310"><subfield code="a">Weekly</subfield></datafield><datafield ind1="0" ind2=" " tag="362"><subfield code="a">Vol. 1, no. 1 (Mar. 16, 1844)-v. 11, no. 52 (Mar. 3, 1855).</subfield></datafield><datafield ind1=" " ind2=" " tag="500"><subfield code="a">Publishers: J. Porter &amp; Co. &lt;Mar. 18, 1848-   &gt;; Jacob Porter, &lt;Sept. 2, 1854&gt;-Mar. 3, 1885.</subfield></datafield><datafield ind1=" " ind2=" " tag="752"><subfield code="a">United States</subfield><subfield code="b">Pennsylvania</subfield><subfield code="c">Allegheny</subfield><subfield code="d">Pittsburgh.</subfield></datafield><datafield ind1="0" ind2="0" tag="785"><subfield code="t">Catholic (Pittsburgh, Pa.)</subfield><subfield code="w">(DLC)sn 87080011</subfield></datafield><datafield ind1=" " ind2=" " tag="936"><subfield code="a">Unknown</subfield><subfield code="a">INC</subfield><subfield code="a">Jan. 30, 1981 (surrogate)</subfield></datafield></record>